%YAML 1.1
%TAG !u! tag:unity3d.com,2011:
--- !u!1 &1170439375255657872
GameObject:
  m_ObjectHideFlags: 0
  m_CorrespondingSourceObject: {fileID: 0}
  m_PrefabInstance: {fileID: 0}
  m_PrefabAsset: {fileID: 0}
  serializedVersion: 6
  m_Component:
  - component: {fileID: 1170439375255657877}
  - component: {fileID: 1170439375255657875}
  - component: {fileID: 5237369694616111506}
  m_Layer: 0
  m_Name: randomTargetPoint
  m_TagString: Interactable
  m_Icon: {fileID: 0}
  m_NavMeshLayer: 0
  m_StaticEditorFlags: 0
  m_IsActive: 1
--- !u!4 &1170439375255657877
Transform:
  m_ObjectHideFlags: 0
  m_CorrespondingSourceObject: {fileID: 0}
  m_PrefabInstance: {fileID: 0}
  m_PrefabAsset: {fileID: 0}
  m_GameObject: {fileID: 1170439375255657872}
  m_LocalRotation: {x: 0, y: 0, z: 0, w: 1}
  m_LocalPosition: {x: 0, y: 0, z: 0}
  m_LocalScale: {x: 1, y: 1, z: 1}
  m_Children:
  - {fileID: 7981987167420128654}
  m_Father: {fileID: 0}
  m_RootOrder: 0
  m_LocalEulerAnglesHint: {x: 0, y: 0, z: 0}
--- !u!65 &1170439375255657875
BoxCollider:
  m_ObjectHideFlags: 0
  m_CorrespondingSourceObject: {fileID: 0}
  m_PrefabInstance: {fileID: 0}
  m_PrefabAsset: {fileID: 0}
  m_GameObject: {fileID: 1170439375255657872}
  m_Material: {fileID: 0}
  m_IsTrigger: 1
  m_Enabled: 1
  serializedVersion: 2
  m_Size: {x: 0.5, y: 1, z: 0.5}
  m_Center: {x: 0, y: 0, z: 0}
--- !u!114 &5237369694616111506
MonoBehaviour:
  m_ObjectHideFlags: 0
  m_CorrespondingSourceObject: {fileID: 0}
  m_PrefabInstance: {fileID: 0}
  m_PrefabAsset: {fileID: 0}
  m_GameObject: {fileID: 1170439375255657872}
  m_Enabled: 1
  m_EditorHideFlags: 0
  m_Script: {fileID: 11500000, guid: 803c77aeabbc7ad4aafdfd6fdbb9131f, type: 3}
  m_Name: 
  m_EditorClassIdentifier: 
  radius: 1
  interactionTransform: {fileID: 1170439375255657877}
  hasInteracted: 0
  player: {fileID: 0}
  anim: {fileID: 0}
  isCounting: 0
  timeLimit: 5
--- !u!1001 &8682168655981637169
PrefabInstance:
  m_ObjectHideFlags: 0
  serializedVersion: 2
  m_Modification:
    m_TransformParent: {fileID: 1170439375255657877}
    m_Modifications:
    - target: {fileID: 1637328315869918143, guid: aeff93d4bb233014fb6b320c8cefb9b9, type: 3}
      propertyPath: m_RootOrder
      value: 0
      objectReference: {fileID: 0}
    - target: {fileID: 1637328315869918143, guid: aeff93d4bb233014fb6b320c8cefb9b9, type: 3}
      propertyPath: m_LocalPosition.x
      value: 0
      objectReference: {fileID: 0}
    - target: {fileID: 1637328315869918143, guid: aeff93d4bb233014fb6b320c8cefb9b9, type: 3}
      propertyPath: m_LocalPosition.y
      value: 0
      objectReference: {fileID: 0}
    - target: {fileID: 1637328315869918143, guid: aeff93d4bb233014fb6b320c8cefb9b9, type: 3}
      propertyPath: m_LocalPosition.z
      value: 0
      objectReference: {fileID: 0}
    - target: {fileID: 1637328315869918143, guid: aeff93d4bb233014fb6b320c8cefb9b9, type: 3}
      propertyPath: m_LocalRotation.w
      value: 1
      objectReference: {fileID: 0}
    - target: {fileID: 1637328315869918143, guid: aeff93d4bb233014fb6b320c8cefb9b9, type: 3}
      propertyPath: m_LocalRotation.x
      value: -0
      objectReference: {fileID: 0}
    - target: {fileID: 1637328315869918143, guid: aeff93d4bb233014fb6b320c8cefb9b9, type: 3}
      propertyPath: m_LocalRotation.y
      value: -0
      objectReference: {fileID: 0}
    - target: {fileID: 1637328315869918143, guid: aeff93d4bb233014fb6b320c8cefb9b9, type: 3}
      propertyPath: m_LocalRotation.z
      value: -0
      objectReference: {fileID: 0}
    - target: {fileID: 1637328315869918143, guid: aeff93d4bb233014fb6b320c8cefb9b9, type: 3}
      propertyPath: m_LocalEulerAnglesHint.x
      value: 0
      objectReference: {fileID: 0}
    - target: {fileID: 1637328315869918143, guid: aeff93d4bb233014fb6b320c8cefb9b9, type: 3}
      propertyPath: m_LocalEulerAnglesHint.y
      value: 0
      objectReference: {fileID: 0}
    - target: {fileID: 1637328315869918143, guid: aeff93d4bb233014fb6b320c8cefb9b9, type: 3}
      propertyPath: m_LocalEulerAnglesHint.z
      value: 0
      objectReference: {fileID: 0}
    - target: {fileID: 4879544426854562528, guid: aeff93d4bb233014fb6b320c8cefb9b9, type: 3}
      propertyPath: m_Materials.Array.data[0]
      value: 
      objectReference: {fileID: 2100000, guid: f23b1c685e3824f4c95cfcc7da5b6f83, type: 2}
    - target: {fileID: 6900099513663674460, guid: aeff93d4bb233014fb6b320c8cefb9b9, type: 3}
      propertyPath: m_Name
      value: OptimizedTree
      objectReference: {fileID: 0}
    m_RemovedComponents: []
  m_SourcePrefab: {fileID: 100100000, guid: aeff93d4bb233014fb6b320c8cefb9b9, type: 3}
--- !u!4 &7981987167420128654 stripped
Transform:
  m_CorrespondingSourceObject: {fileID: 1637328315869918143, guid: aeff93d4bb233014fb6b320c8cefb9b9, type: 3}
  m_PrefabInstance: {fileID: 8682168655981637169}
  m_PrefabAsset: {fileID: 0}
